<?xml version="1.0" encoding="UTF-8"?><record xmlns="http://www.loc.gov/MARC21/slim" xmlns:cinclude="http://apache.org/cocoon/include/1.0" xmlns:zs="http://www.loc.gov/zing/srw/">
  <leader>01586nz  a2200241n  4500</leader>
  <controlfield tag="001">no2015081599</controlfield>
  <controlfield tag="003">DLC</controlfield>
  <controlfield tag="005">20150620073655.0</controlfield>
  <controlfield tag="008">150619n| azannaabn          |a aaa     c</controlfield>
  <datafield tag="010" ind1=" " ind2=" ">
    <subfield code="a">no2015081599</subfield>
  </datafield>
  <datafield tag="035" ind1=" " ind2=" ">
    <subfield code="a">(OCoLC)oca10197630</subfield>
  </datafield>
  <datafield tag="040" ind1=" " ind2=" ">
    <subfield code="a">MnMHCL</subfield>
    <subfield code="b">eng</subfield>
    <subfield code="e">rda</subfield>
    <subfield code="c">MnMHCL</subfield>
  </datafield>
  <datafield tag="100" ind1="1" ind2=" ">
    <subfield code="a">Hart, Rob</subfield>
    <subfield code="c">(Fiction writer)</subfield>
  </datafield>
  <datafield tag="370" ind1=" " ind2=" ">
    <subfield code="c">United States</subfield>
    <subfield code="e">New York (N.Y.)</subfield>
    <subfield code="2">naf</subfield>
  </datafield>
  <datafield tag="372" ind1=" " ind2=" ">
    <subfield code="a">Fiction</subfield>
    <subfield code="a">Publishers and publishing</subfield>
    <subfield code="2">lcsh</subfield>
  </datafield>
  <datafield tag="373" ind1=" " ind2=" ">
    <subfield code="a">MysteriousPress.com</subfield>
  </datafield>
  <datafield tag="374" ind1=" " ind2=" ">
    <subfield code="a">Authors</subfield>
    <subfield code="a">Publishers and publishing</subfield>
    <subfield code="2">lcsh</subfield>
  </datafield>
  <datafield tag="375" ind1=" " ind2=" ">
    <subfield code="a">male</subfield>
  </datafield>
  <datafield tag="377" ind1=" " ind2=" ">
    <subfield code="a">eng</subfield>
  </datafield>
  <datafield tag="378" ind1=" " ind2=" ">
    <subfield code="q">Rob W.</subfield>
  </datafield>
  <datafield tag="400" ind1="1" ind2=" ">
    <subfield code="a">Hart, Rob W.</subfield>
    <subfield code="c">(Fiction writer)</subfield>
  </datafield>
  <datafield tag="670" ind1=" " ind2=" ">
    <subfield code="a">Hart, Rob. New Yorked, 2015:</subfield>
    <subfield code="b">title page (Rob Hart); page 293, About the author (Rob Hart is the associate publisher at MysteriousPress.com and the class director at LitReactor. Previously, he has been a political reporter, the communications director for a politician, and a commissioner for the city of New York. Rob is the author of The Last Safe Place: A Zombie Novella, and his short stories have appeared in publications like Thuglit, Needle, Shotgun Honey, All Due Respect, and Helix Literary Magazine. He lives in New York City. Find more on the web at www.robwhart.com and on Twitter at @robwhart)</subfield>
  </datafield>
  <datafield tag="670" ind1=" " ind2=" ">
    <subfield code="a">Goodreads.com, June 15, 2015:</subfield>
    <subfield code="b">Rob Hart (born in The United States ... genre: Mystery &amp; Thrillers, Horror, Literature &amp; Fiction ... About this author: ... His debut novel, NEW YORKED, will be released by Polis Books in June 2015, with the sequel, CITY OF ROSE, to follow in 2016)</subfield>
    <subfield code="u">https://www.goodreads.com/author/show/6525349.Rob_Hart</subfield>
  </datafield>
</record>